% This file was created with JabRef 2.7b.
% Encoding: UTF-8

@INBOOK{black1973,
  pages = {637--654},
  title = {The Pricing of Options and Corporate Liabilities},
  publisher = {The University of Chicago Press},
  year = {1973},
  author = {Fisher Black and others},
  month = may,
  url = {http://www.jstor.org/stable/1831029}
}

@BOOK{optionsmarkets,
  title = {Options Markets},
  publisher = {Prentice Hall},
  year = {1985},
  author = {John Cox and Mark Rubinstein},
  owner = {diego},
  timestamp = {2011.11.12}
}

@BOOK{elton,
  title = {Modern Portfolio Theory and Investment Anlysis},
  publisher = {Wiley},
  year = {1995},
  author = {Edwin J. Elton and Martin J. Gruber}
}

@BOOK{hulleng,
  title = {Options, Futures, and other Derivatives},
  publisher = {Pearson Education},
  year = {2009},
  editor = {7ma edici√≥n},
  author = {John Hull},
  owner = {diego},
  timestamp = {2011.10.19}
}

@BOOK{hull,
  title = {Introducci{\'o}n a los mercados de futuros y opciones},
  publisher = {Pearson Education},
  year = {2009},
  author = {John Hull},
  address = {M{\'e}xico}
}

@MISC{kishimoto,
  author = {Manabu Kishimoto},
  title = {On the Black-Scholes Equation: Various Derivations},
  howpublished = {MS\&E 408 Term Paper},
  year = {2008},
  pages = {19}
}

@ARTICLE{lawofoneprice,
  author = {Owen Lamont and Richard Thaler},
  title = {Anomalies: The Law of One Price in Financial Markets},
  journal = {Journal of Economic Perspectives},
  year = {2003},
  volume = {Volumen 17 - Numero 4},
  pages = {p.191-202},
  owner = {diego},
  timestamp = {2012.01.19}
}

@BOOK{oksendal,
  title = {Stochastic differential equations},
  year = {2000},
  editor = {Springer},
  author = {Oksendal},
  owner = {diego},
  timestamp = {2011.11.05}
}

@MISC{perillo,
  author = {Marcelo Perillo},
  title = {Aplicaciones de la teor{\'i}a de procesos estoc{\'a}sticos en finanzas},
  howpublished = {UCEMA},
  month = dec,
  year = {2005}
}

@BOOK{appliedderiv,
  title = {Applied Derivatives: Options, Futures and Swaps},
  publisher = {Wiley-Blackwell},
  year = {2002},
  author = {Richard Rendleman},
  owner = {diego},
  timestamp = {2011.11.12}
}

@BOOK{rosenthal,
  title = {A first look at rigorous probability theory},
  publisher = {World Scientific Pub Co Inc},
  year = {2006},
  author = {J.S. Rosenthal},
  edition = {2da}
}

@BOOK{rosscoxrubinstein,
  title = {Option Pricing: A Simplified Approach},
  publisher = {Journal of Financial Economics},
  year = {1979},
  author = {Ross, S. and Cox, J. and Rubinstein, M.},
  owner = {diego},
  timestamp = {2011.11.14}
}

@MISC{frouah-formula,
  author = {Fabrice Rouah},
  title = {Four Derivations of the Black-Scholes Formula},
  year = {n.d.},
  url = {http://www.frouah.com/finance notes/Black Scholes Formula.pdf}
}

@BOOK{sharp,
  title = {Capital Asset Prices: A Theory of Market Equilibrium Under Conditions
	of Risk},
  publisher = {Journal of Finance},
  year = {1964},
  author = {William Sharp},
  month = {Sept},
  owner = {diego},
  timestamp = {2011.11.06}
}

@ARTICLE{effectofdiversification,
  author = {Faten Shukri Al Suqaier and Hussein Ali Al Ziyud},
  title = {The Effect of Diversification on Achieving Optimal Portfolio},
  journal = {European Journal of Economics, Finance and Administrative Sciences},
  year = {2011},
  owner = {diego},
  timestamp = {2012.01.29}
}

@ELECTRONIC{ise,
  title = {International Securities Exchange},
  url = {http://www.ise.com/}
}

@BOOK{,
  owner = {diego},
  timestamp = {2012.01.29}
}

@ELECTRONIC{cboe,
  month = sep,
  year = {2011},
  title = {Chicago Board Options Exchange},
  url = {http://www.cboe.com/AboutCBOE/History.aspx}
}

